@misc{mull_cs320,
  author       = {Nathan Mull},
  title        = {CS320: Concepts of Programming Languages},
  year         = {2025},
  howpublished = {Lecture notes, Boston University, Spring Semester},
  note         = {Boston University, CS Department}
}
